@book{G,
  author    = {浅川伸一 and 江間有沙 and 工藤郁子 and 巣籠悠輔 and 瀬谷啓介 and 松井孝之 and 松尾豊},
  title     = {ディープラーニングG検定公式テキスト},
  publisher = {翔泳社},
  year      = {2020},
}
@misc{wu2019detectron2,
  author =       {Yuxin Wu and Alexander Kirillov and Francisco Massa and
                  Wan-Yen Lo and Ross Girshick},
  title =        {Detectron2},
  howpublished = {\url{https://github.com/facebookresearch/detectron2}},
  year =         {2019}
}
@article{ANN,
  title={Artificial neural networks: A tutorial},
  author={Jain, Anil K and Mao, Jianchang and Mohiuddin, K Moidin},
  journal={Computer},
  volume={29},
  number={3},
  pages={31--44},
  year={1996},
  publisher={IEEE}
}
@misc{google_data,
  author =       {Google},
  title =        {月間6,500万ユーザーを超えたYouTube，2020年の国内利用実態──テレビでの利用も2倍に},
  howpublished = {\url{https://www.thinkwithgoogle.com/intl/ja-jp/marketing-strategies/video/youtube-recap2020-2/}},
  year =         {2020}
}
@article{ms_tamura,
  author          = {田村千津 and 藤原和彦},
  journal         = {仙台高等専門学校　令和２年度　卒業研究論文},
  title           = {貝葉古写本研究向け電子ブック作成手法の検討},
  year            = {2020}
}
@misc{cnn,
  author =       {Towards Data Science},
  title =        {https://towardsdatascience.com/a-comprehensive-guide-to-convolutional-neural-networks-the-eli5-way-3bd2b1164a53},
  howpublished = {\url{A Comprehensive Guide to Convolutional Neural Networks — the ELI5 way}},
  year =         {2018}
}
@misc{detectron2,
  author =       {Meta AI},
  title =        {Detectron2},
  howpublished = {\url{https://ai.facebook.com/blog/-detectron2-a-pytorch-based-modular-object-detection-library-/}},
}
@misc{coco,
  author =       {Microsoft},
  title =        {Microsoft COCO: Common Objects in Context},
  howpublished = {\url{https://cocodataset.org/}},
}